<record><leader>00000cas a22000007a 4500</leader><controlfield tag="001">20280690</controlfield><controlfield tag="008">890830d19071917moudn ne      0    0eng d</controlfield><datafield ind1=" " ind2=" " tag="010"><subfield code="a">sn 89067133 </subfield></datafield><datafield ind1=" " ind2=" " tag="040"><subfield code="a">MQN</subfield><subfield code="b">eng</subfield><subfield code="c">MQN</subfield><subfield code="d">OCLCQ</subfield></datafield><datafield ind1=" " ind2=" " tag="042"><subfield code="a">msc</subfield></datafield><datafield ind1="0" ind2="0" tag="245"><subfield code="a">Webb City register.</subfield></datafield><datafield ind1=" " ind2=" " tag="260"><subfield code="a">Webb City, Mo. :</subfield><subfield code="b">Register Pub. Co.,</subfield><subfield code="c">1907-</subfield></datafield><datafield ind1=" " ind2=" " tag="300"><subfield code="a">v.</subfield></datafield><datafield ind1=" " ind2=" " tag="310"><subfield code="a">Daily (except Sun.)</subfield></datafield><datafield ind1="0" ind2=" " tag="362"><subfield code="a">16th year, no. 201 (Oct. 14, 1907)-</subfield></datafield><datafield ind1="1" ind2=" " tag="362"><subfield code="a">Ceased in 1917?</subfield></datafield><datafield ind1=" " ind2=" " tag="500"><subfield code="a">Weekly ed. also published?</subfield></datafield><datafield ind1=" " ind2=" " tag="515"><subfield code="a">Dropped yearly designation with issue for Oct. 4, 1915.</subfield></datafield><datafield ind1=" " ind2=" " tag="752"><subfield code="a">United States</subfield><subfield code="b">Missouri</subfield><subfield code="c">Jasper</subfield><subfield code="d">Webb City.</subfield></datafield><datafield ind1="0" ind2="0" tag="780"><subfield code="t">Webb City daily register</subfield><subfield code="w">(DLC)sn 89067132</subfield></datafield></record>